@misc{apostila:latex,
  author = {Márcio Nascimento da Silva},
  title = {Curso de Introdução ao LATEX},
  year = 2011,
  howpublished = {\url{http://arquivoescolar.org/bitstream/arquivo-e/197/1/apostila_latex_marcio_nascimento_da_silva_uva_ce_brasil.pdf}},
  note = {Online; Acessado em 15 junho 2019}
}

@misc{symbols:latex,
  title = {LaTeX Symbols},
  year = 1995,
  howpublished = {\url{http://omega.albany.edu:8008/Symbols.html}},
  note = {Online; Acessado em 18 junho 2019}
}

@misc{livro:filtros,
  author = {Fernando Luiz Rosa Mussoi},
  title = {Resposta em Frequência FILTROS PASSIVOS},
  year = 2004,
  howpublished = {\url{http://www.peb.ufrj.br/cursos/COB781/Ref-03.pdf}},
  note = {Online; Acessado em 15 junho 2019}
}

@misc{tutorial:filtros,
  author = {Weverson dos Santos Cirino},
  title = {Filtro Digital: Estudo de Caso de Projeto e Implementação},
  year = 2007,
  howpublished = {\url{https://www.teleco.com.br/tutoriais/tutorialfiltrodig/pagina_3.asp}},
  note = {Online; Acessado em 15 junho 2019}
}

@manual{manual:LabView,
    organization  = "National Instruments",
    title         = "LabVIEW Analysis Concepts",
    number        = "MAX30205",
    year          =  2004,
    month         =  3,    
    note          = ""
}

@book{lathi,
  author = 	    "Simon HAYKIN and Barry Van VEEN",
  title = 	    "Sinais e sistemas",
  publisher = 	"Bookman",
  year = 	    "2001"
}